<record><leader>00000cas a2200000 a 4500</leader><controlfield tag="001">9941339</controlfield><controlfield tag="008">830923d18371988nyuwr ne      0    0eng c</controlfield><datafield ind1=" " ind2=" " tag="010"><subfield code="a">sn 83031651 </subfield><subfield code="z">sn 83031386 </subfield></datafield><datafield ind1=" " ind2=" " tag="040"><subfield code="a">NPU</subfield><subfield code="b">eng</subfield><subfield code="c">NPU</subfield><subfield code="d">NYG</subfield><subfield code="d">DLC</subfield><subfield code="d">NPX</subfield><subfield code="d">DLC</subfield><subfield code="d">NPA</subfield><subfield code="d">OCL</subfield><subfield code="d">NYS</subfield><subfield code="d">NSD</subfield><subfield code="d">NYS</subfield><subfield code="d">CNK</subfield><subfield code="d">NYS</subfield><subfield code="d">OCL</subfield><subfield code="d">NYS</subfield><subfield code="d">OCLCQ</subfield><subfield code="d">OCLCO</subfield><subfield code="d">OCLCA</subfield></datafield><datafield ind1=" " ind2=" " tag="012"><subfield code="b">3</subfield></datafield><datafield ind1=" " ind2=" " tag="019"><subfield code="a">9870176</subfield></datafield><datafield ind1="1" ind2=" " tag="029"><subfield code="a">AU@</subfield><subfield code="b">000020127755</subfield></datafield><datafield ind1=" " ind2=" " tag="042"><subfield code="a">pcc</subfield></datafield><datafield ind1=" " ind2=" " tag="043"><subfield code="a">n-us-ny</subfield></datafield><datafield ind1="0" ind2="0" tag="050"><subfield code="a">Newspaper 8829-X</subfield></datafield><datafield ind1="0" ind2=" " tag="130"><subfield code="a">Washington County post (Salem, N.Y. : 1837)</subfield></datafield><datafield ind1="1" ind2="0" tag="245"><subfield code="a">Washington County post.</subfield></datafield><datafield ind1=" " ind2=" " tag="260"><subfield code="a">Salem, N.Y. :</subfield><subfield code="b">T.G. Wait</subfield></datafield><datafield ind1=" " ind2=" " tag="300"><subfield code="a">v. :</subfield><subfield code="b">ill. ;</subfield><subfield code="c">52 cm.</subfield></datafield><datafield ind1="0" ind2=" " tag="362"><subfield code="a">Vol. 3, no. 20 (May 17, 1837)-200th year, no. 11 (Mar. 16, 1988).</subfield></datafield><datafield ind1=" " ind2=" " tag="500"><subfield code="a">Published at Salem, N.Y., 1837-1848; at North White Creek, N.Y., &lt;1849-1854&gt;; at Cambridge, N.Y., -1988.</subfield></datafield><datafield ind1=" " ind2=" " tag="500"><subfield code="a">Publishers: T.G. Wait, &lt;1838-1840&gt;; James Gibson, &lt;1840&gt;; William B. Harkness, &lt;1841-1845&gt;; F.B. Graham, &lt;1846&gt;; Graham &amp; Martin, &lt;1848&gt;; R.E. Young, &lt;1851&gt;; Edward Gardner, Jr., &lt;1854&gt;; R.K. Crocker, &lt;1854-1856&gt;; J.S. Smart &amp; Co., &lt;1876&gt;; Elizabeth A. Smart, &lt;1923&gt;.</subfield></datafield><datafield ind1=" " ind2=" " tag="500"><subfield code="a">Editor: F.B. Graham, &lt;1848&gt;; Robert E. Young, &lt;1851&gt;; R. King Crocker, &lt;1854&gt;.</subfield></datafield><datafield ind1=" " ind2=" " tag="500"><subfield code="a">"Whig," &lt;1841&gt;; "American, " &lt;1855-1856&gt;; Republican. Cf. Ayer, 1889.</subfield></datafield><datafield ind1=" " ind2=" " tag="515"><subfield code="a">Jan. 3, 1850 issue misdated Jan. 3, 1849.</subfield></datafield><datafield ind1=" " ind2="0" tag="651"><subfield code="a">Salem (N.Y.)</subfield><subfield code="v">Newspapers.</subfield></datafield><datafield ind1=" " ind2="0" tag="651"><subfield code="a">North White Creek (N.Y.)</subfield><subfield code="v">Newspapers.</subfield></datafield><datafield ind1=" " ind2="0" tag="651"><subfield code="a">Cambridge (N.Y.)</subfield><subfield code="v">Newspapers.</subfield></datafield><datafield ind1=" " ind2="0" tag="651"><subfield code="a">Washington County (N.Y.)</subfield><subfield code="v">Newspapers.</subfield></datafield><datafield ind1=" " ind2=" " tag="752"><subfield code="a">United States</subfield><subfield code="b">New York</subfield><subfield code="c">Washington</subfield><subfield code="d">Salem.</subfield></datafield><datafield ind1=" " ind2=" " tag="752"><subfield code="a">United States</subfield><subfield code="b">New York</subfield><subfield code="c">Washington</subfield><subfield code="d">North White Creek.</subfield></datafield><datafield ind1=" " ind2=" " tag="752"><subfield code="a">United States</subfield><subfield code="b">New York</subfield><subfield code="c">Washington</subfield><subfield code="d">Cambridge.</subfield></datafield><datafield ind1="0" ind2="0" tag="780"><subfield code="t">County post and North Star</subfield><subfield code="w">(DLC)sn 83031599</subfield></datafield><datafield ind1="0" ind2="7" tag="785"><subfield code="t">Standard press</subfield><subfield code="w">(DLC)sn 87070421</subfield><subfield code="w">(OCoLC)17063621</subfield></datafield><datafield ind1="0" ind2="7" tag="785"><subfield code="t">Press &amp; post</subfield><subfield code="x">1040-0737</subfield><subfield code="w">(DLC)sn 88074178</subfield><subfield code="w">(OCoLC)17843116</subfield></datafield></record>